
@techreport{esa_ef_2014,
  title={2014 Sales, Demographic and Usage Data: Essential Facts about the Computer and Video Game Industry.},
  year={2014},
  institution={Entertainment Software Association},
  note={Available at: \url{http://www.theesa.com/wp-content/uploads/2014/10/ESA_EF_2014.pdf}},
}

@techreport{esa_century_2014,
  title={Video Games in the 21st Century: The 2014 Report},
  year={2014},
  institution={Entertainment Software Association},
  note={Available at: \url{http://www.theesa.com/wp-content/uploads/2014/11/VideoGames21stCentury_2014.pdf}},
}

@inproceedings{nairat2011character,
  author    = {Malik Nairat and
               Palle Dahlstedt and
               Mats G. Nordahl},
  title     = {Character evolution approach to generative storytelling},
  booktitle = {Proceedings of the {IEEE} Congress on Evolutionary Computation, {CEC}
               2011, New Orleans, LA, USA, 5-8 June, 2011},
  pages     = {1258--1263},
  year      = {2011},
  publisher = {{IEEE}},

}


@book{morrell2006between,
  title={Between the Lines: Master the Subtle Elements of Fiction Writing},
  author={Morrell, Jessica},
  year={2006},
  publisher={Writer's Digest Books}
}

@article{cioffi2012evolutionary,
  title={Evolutionary computation and agent-based modeling: biologically-inspired approaches for understanding complex social systems},
  author={Cioffi-Revilla, Claudio and De Jong, Kenneth and Bassett, Jeffrey K},
  journal={Computational and Mathematical Organization Theory},
  volume={18},
  number={3},
  pages={356--373},
  year={2012},
  publisher={Springer}
}

@inproceedings{arinbjarnar2009critical,
  title={A critical review of interactive drama systems},
  author={Arinbjarnar, Maria and Barber, Heather and Kudenko, Daniel},
  booktitle={AISB 2009 Symposium. AI \& Games, Edinburgh},
  year={2009},
  editor={Yussuf Abu-Shaaban},
  pages={15-26},
}

@article{togelius2011search,
  title={Search-based procedural content generation: A taxonomy and survey},
  author={Togelius, Julian and Yannakakis, Georgios N and Stanley, Kenneth O and Browne, Cameron},
  journal={Computational Intelligence and AI in Games, IEEE Transactions on},
  volume={3},
  number={3},
  pages={172--186},
  year={2011},
  publisher={IEEE}
}

@techreport{meehan1976metanovel,
  title={The metanovel: writing stories by computer.},
  author={Meehan, James Richard},
  year={1976},
  institution={DTIC Document},
  note={Available at: \url{http://oai.dtic.mil/oai/oai?verb=getRecord&metadataPrefix=html&identifier=ADA031625}},
}


@article{lebowitz1985story,
  title={Story-telling as planning and learning},
  author={Lebowitz, Michael},
  journal={Poetics},
  volume={14},
  number={6},
  pages={483--502},
  year={1985},
  publisher={Elsevier}
}

@book{turner2014creative,
  title={The creative process: A computer model of storytelling and creativity},
  author={Turner, Scott R},
  year={2014},
  publisher={Psychology Press}
}

@inproceedings{riedl2008toward,
  title={Toward vignette-based story generation for drama management systems},
  author={Riedl, Mark O and Leon, Carlos},
  booktitle={Proceedings of the 2nd international conference on intelligent technologies for interactive entertainment (INTETAIN), workshop on integrating technologies for interactive stories},
  year={2008},
  pages={23-28},
  editor={Heather Barber and David Thue}
}

@inproceedings{swartjes2007emergent,
  title={Emergent story generation: Lessons from improvisational theater},
  author={Swartjes, Ivo and Vromen, Joost},
  booktitle={Intelligent Narrative Technologies: Papers from the AAAI Fall Symposium. Number FS-07-05 in AAAI Fall Symposium Series},
  editor={Brian S. Magerko and Mark O. Riedl},
  pages={146-149},
  year={2007}
}

@book{garry2005archetypes,
  title={Archetypes and Motifs in Folklore and Literature},
  author={Garry, Jane and El-Shamy, Hasan},
  year={2005},
  publisher={M.E. Sharpe}
}

@BOOK{FSM_Booth,
	AUTHOR       = "Taylor L. Booth",
	TITLE        = "Sequential Machines and Automata Theory",
	PUBLISHER    = "John Wiley and Sons, Inc.",
	YEAR         = "1967",
	ADDRESS      = "New York",
	EDITION      = "1st"
}

@inproceedings{garcia14my,
  title={My life as a sim: evolving unique and engaging life stories using virtual worlds},
  author={Garc\'ia-Ortega, Rub\'en H and Garc\'ia-S\'anchez, Pablo and Mora, Antonio M and Merelo, JJ},
  booktitle={ALIFE 14: The Fourteenth Conference on the Synthesis and Simulation of Living Systems},
  volume={14},
  year={2014},
  pages={580-587}
}


@inproceedings{garcia15how,
  title={How the world was MADE: parametrization of evolved agent-based models for backstory generation},
  author={Garc\'ia-Ortega, R.H. and Garc\'ia-S\'anchez, P and Merelo, J.J. and Arenas, M.G. and Castillo, P.A and Mora, A.M.},
  volume={14},
  year={in press}
}


@article{Hendrikx:2013:PCG:2422956.2422957,
 author = {Hendrikx, Mark and Meijer, Sebastiaan and Van Der Velden, Joeri and Iosup, Alexandru},
 title = {Procedural Content Generation for Games: A Survey},
 journal = {ACM Trans. Multimedia Comput. Commun. Appl.},
 issue_date = {February 2013},
 volume = {9},
 number = {1},
 month = feb,
 year = {2013},
 issn = {1551-6857},
 pages = {1:1--1:22},
 articleno = {1},
 numpages = {22},
 url = {http://doi.acm.org/10.1145/2422956.2422957},
 doi = {10.1145/2422956.2422957},
 acmid = {2422957},
 publisher = {ACM},
 address = {New York, NY, USA},
 keywords = {Game content generation, procedural, survey},
} 


@misc{RomeoJuliet,
  title = {TvTropes. Theatre: Romeo and Juliet},
  howpublished = {\url{http://tvtropes.org/pmwiki/pmwiki.php/Theatre/RomeoAndJuliet}}
}
